<?xml version="1.0" encoding="UTF-8"?><collection><record><leader>08613ntm a2200601 a 4500</leader><controlfield tag="001">006305640</controlfield><controlfield tag="003">MiAaHDL</controlfield><controlfield tag="005">20190719000000.0</controlfield><controlfield tag="006">m        d        </controlfield><controlfield tag="007">cr bn ---auaua</controlfield><controlfield tag="008">090417s16uu    xx            00| ||ara d</controlfield><datafield tag="035" ind1=" " ind2=" "><subfield code="a">(MiU)006305640</subfield></datafield><datafield tag="035" ind1=" " ind2=" "><subfield code="a">sdr-miu006305640</subfield></datafield><datafield tag="040" ind1=" " ind2=" "><subfield code="a">MiU</subfield><subfield code="c">MiU</subfield><subfield code="e">amremm</subfield></datafield><datafield tag="043" ind1=" " ind2=" "><subfield code="a">n-us-mi</subfield></datafield><datafield tag="100" ind1="1" ind2=" "><subfield code="6">880-01</subfield><subfield code="a">Bāqānī, Nūr al-Dīn Maḥmūd ibn Barakāt,</subfield><subfield code="d">d. 1594 or 5.</subfield></datafield><datafield tag="240" ind1="1" ind2="0"><subfield code="6">880-02</subfield><subfield code="a">Majrá al-anhur ʻalá Multaqá al-abḥur.</subfield><subfield code="n">Juzʼ 2</subfield></datafield><datafield tag="245" ind1="1" ind2="3"><subfield code="6">880-03</subfield><subfield code="a">al-Juzʼ al-thānī min Sharḥ Multaqá al-abḥur,</subfield><subfield code="f">[early 17th century].</subfield></datafield><datafield tag="246" ind1="3" ind2=" "><subfield code="i">Edge title:</subfield><subfield code="a">الجلد الثاني من الباقاني</subfield></datafield><datafield tag="246" ind1="3" ind2=" "><subfield code="i">Title from inscription on interior of upper cover:</subfield><subfield code="a">جلد ثاني شرح ملتقى باقاني</subfield></datafield><datafield tag="260" ind1=" " ind2=" "><subfield code="c">[16--]</subfield></datafield><datafield tag="300" ind1=" " ind2=" "><subfield code="a">352 leaves :</subfield><subfield code="b">paper ;</subfield><subfield code="c">207 x 150 (155 x 105) mm. bound to 205 x 158 mm.</subfield></datafield><datafield tag="500" ind1=" " ind2=" "><subfield code="a">Shelfmark: Ann Arbor, University of Michigan, Special Collections Library, Isl. Ms. 89</subfield></datafield><datafield tag="500" ind1=" " ind2=" "><subfield code="a">Origin: As appears in colophon on fol.351b-352b (p.712-714) composition begun in 990 and finally completed 13th [?] Dhū al-Ḥijjah 995 [ca. 14 November 1587] in al-Madrasah al-Kallāsah neighboring al-Jāmiʻ al-Umawī in Damascus. Exemplar for this ms. transcribed for the author by Raḍī al-Dīn ibn ʻAlī al-Bārizī with transcription finished Muḥarram 996 [December 1587]. No further detail on the copying of this ms. is given though paper would suggest very late 16th or very early 17th century.</subfield></datafield><datafield tag="500" ind1=" " ind2=" "><subfield code="a">Accompanying materials: a. Envelope with name etc. (paginated pp.73-74) -- b. Slip with writing (paginated pp.339-340) -- c. Slip of blank European paper (paginated pp.503-504).</subfield></datafield><datafield tag="500" ind1=" " ind2=" "><subfield code="a">Former shelfmark: British Museum, London "No. 31. Multaka al-abhur, with commentary." ; on tail edge of text block "۷۷".</subfield></datafield><datafield tag="500" ind1=" " ind2=" "><subfield code="a">Binding: Pasteboards covered in marbled paper (in several shades of blue, white, etc.) with red brown leather over spine and edges/turn-ins ; Type II binding (with flap) ; board linings in yellow-tinted laid paper ; sewn in red thread, 2 stations ; worked endbands in cream or yellow, nearly gone ; in poor condition with lower cover completely detached and much abrasion, staining, lifting and cracking of leather.</subfield></datafield><datafield tag="500" ind1=" " ind2=" "><subfield code="a">Support: European laid paper with watermark anchor in circle (trefoil above, G C F countermark, compare Heawood 2 dating to 1600) ; chain lines spaced roughly 30 m. apart, laid lines 7 laid lines per cm. ; table of contents supplied on a fine blue-tinted European laid paper with watermark horn in scrollwork with crown above and "L M" below ; some thread breakage and loose quires.</subfield></datafield><datafield tag="500" ind1=" " ind2=" "><subfield code="a">Decoration: Text partially rubricated with section headings, keywords, text of work being commented upon, overlining, etc. in red ; diagrams accompany text on pp.198-199.</subfield></datafield><datafield tag="500" ind1=" " ind2=" "><subfield code="a">Script: Naskh ; several neat Syrian and Turkish hands ; virtually serifless ; first hand with mainly closed counters, kāf mabsūṭah preferred, some free assimilation of letters such as dāl followed by hāʼ, qāf followed by hāʼ, etc.</subfield></datafield><datafield tag="500" ind1=" " ind2=" "><subfield code="a">Layout: Written in 22-23 lines per page ; frame-ruled.</subfield></datafield><datafield tag="500" ind1=" " ind2=" "><subfield code="a">Collation: ii, 14 V(140), III (146), 7 V(216), I (218), 7 V(288), V+2 (300), 3 V(330), V+2 (342), V (352) ; chiefly quinions ; fol.218b (p.444) left blank ; catchwords present ; foliation in Hindu-Arabic numerals appears on verso of each leaf, begins with ۲ on original fol.2, oddly foliates pp.444-446 with ۲۱۸ and ۲۱۹ on p.444, ۲۲۰ on p.445 and ۲۲۱ on p.446 ; pagination in pencil, Western numerals, supplied during digitization (includes inserts).</subfield></datafield><datafield tag="500" ind1=" " ind2=" "><subfield code="a">Colophon: "Authorial," rectangular, reads: "يقول الفقير نور الدين ابن بركات الشهير بالباقاني القادري الانصاري شارح هذا الكتاب احمد الله تعالى على اتمامه حمدا كثيرا وقد وقع الابتداء فيه في اوائل سنة تسعين وتسعمائة وتم بحمد الله وعونه وحوله وقوته في ثلاث عشر شهر الحجة من شهور سنة ۹۹٥ خمس وتسعين وتسعمائة وهو اخر ايام التشريق وكان ذلك في حجرة الفقير في المدرسة الكلاسة لصيقة الجامع الاموي ... وقد جمعت فيه من الكتب المذهب من الهداية وشروحها ... وغيرها من كتب عديدة وان تجد عيبا فسد الخللا جل [من لا] عيب فيه وعلا وقال بعض العلماء اللئيم يفضح والكريم يصلح اسأل الله تعالى ان يجعله خالصا لوجهه الكريم وان ينفعني به يوم لا ينفع مال ولا بنون الا من اتى الله بقلب سليم" ; "Scribal," rectangular, continues: "وكان الفراغ من كتابة اصل هذه النسخة المباركة في شهر الله المحرم افتتاح سنة ٩٩۶ على يد اضعف العباد الفقير اليه تعالى هو رضي الدين بن علي البارزي برسم مؤلفها هو مولانا وسيدنا العلامة العمدة الحجة الفاضل الكامل ... الشيخ القدوة البركة نور الدين بن مولانا وسيدنا العلامة العمدة الشيخ ... بركات الشهير نسبه الكريم بالباقاني القادري الانصاري ...امين [؟]"</subfield></datafield><datafield tag="500" ind1=" " ind2=" "><subfield code="a">Explicit: "كانها ماتت عن ام وعم فاقسم التركة بينهما للام الثلثان والباقي للعم قال العلامة المصنف هذا اخر ملتقى الابحر ... وقد تم تبيضه بين الصلاتين من يوم الثلاثاء ثالث عشري رجب العظم سنة ۹۲۳ ثلاثة وعشرين وتسعمائة والحمد لله وحده"</subfield></datafield><datafield tag="500" ind1=" " ind2=" "><subfield code="a">Incipit: "كتاب البيوع اعلم ان المشروعات اربعة حقوق الله تعالى خالصة وحقوق العباد خالصة وما اجتمعا وغلب حق الله تعالى وما اجتمعا حق العبد ..."</subfield></datafield><datafield tag="500" ind1=" " ind2=" "><subfield code="a">Title from 'title page' fol.1a (p.5).</subfield></datafield><datafield tag="500" ind1=" " ind2=" "><subfield code="a">Ms. codex.</subfield></datafield><datafield tag="510" ind1="4" ind2=" "><subfield code="a">Brockelmann, C. GAL,</subfield><subfield code="c">SII 643 ; II 432</subfield></datafield><datafield tag="520" ind1="8" ind2=" "><subfield code="a">Neat copy of the second part of Nūr al-Dīn ibn Barakāt al-Bāqānī al-Qādirī al-Anṣārī's commentary on Multaqá al-abḥur, a compendium of Ḥanafī law by Muḥammad ibn Ibrāhīm al-Ḥalabī.</subfield></datafield><datafield tag="538" ind1=" " ind2=" "><subfield code="a">Mode of access: Internet.</subfield></datafield><datafield tag="541" ind1=" " ind2=" "><subfield code="c">Purchase ;</subfield><subfield code="a">Acquired by purchase along with Abdul Hamid Collection (funds donated by Horace Rackham).</subfield><subfield code="d">1924.</subfield></datafield><datafield tag="546" ind1=" " ind2=" "><subfield code="a">Arabic.</subfield></datafield><datafield tag="561" ind1=" " ind2=" "><subfield code="a">Bookplate of British Museum, London on inner front cover, British Museum, London "No. 31. Multaka al-abhur, with commentary." ; also on interior of upper cover ownership statement in black ink, reads: "استصحبه الفقير اليه عز شانه تاتار زاده محمد امين [؟] عفي عنهما" circular seal impression with figure of goat/gazelle in purple ink as well as inscription "406" in Western numerals on added flyleaves (carrying table of contents) ; circular waqf-seal impression in black ink appears on fol.1a (p.5) and several places throughout reads: "هذا وقف الراجي فيض الصمدي الشيخ احمد ضيا الدين ابن مصطفى الخالدي فمن بدله بعد ما سمعه فانما اثمه على الذين يبدلونه" in name of Aḥmad Ḍiyāʼ al-Dīn ibn Muṣṭafá al-Khālidī (i.e. Ahmed Ziyâüddîn Gümüşhanevî, d. 1893 or 4) ; octagonal seal impressions visible on fol.1b (p.6) ; numerous glosses, marginal corrections, and collation marks "بلغ" ; occasional notabilia (side-heads).</subfield></datafield><datafield tag="600" ind1="1" ind2="0"><subfield code="a">Ḥalabī, Ibrāhīm ibn Muḥammad,</subfield><subfield code="d">-1549 or 1550.</subfield><subfield code="t">Multaqá al-abḥur.</subfield></datafield><datafield tag="650" ind1=" " ind2="0"><subfield code="a">Manuscripts, Arabic</subfield><subfield code="z">Michigan</subfield><subfield code="z">Ann Arbor.</subfield></datafield><datafield tag="650" ind1=" " ind2="0"><subfield code="a">Hanafites</subfield><subfield code="v">Early works to 1800.</subfield></datafield><datafield tag="650" ind1=" " ind2="0"><subfield code="a">Islamic law</subfield><subfield code="v">Early works to 1800.</subfield></datafield><datafield tag="700" ind1="0" ind2=" "><subfield code="6">880-05</subfield><subfield code="a">Tatarzade Mehmet Emin,</subfield><subfield code="e">former owner.</subfield></datafield><datafield tag="773" ind1="0" ind2=" "><subfield code="a">Tiflis Collection.</subfield></datafield><datafield tag="880" ind1="0" ind2=" "><subfield code="6">700-05/</subfield><subfield code="a">تاتار زاده محمد امين،</subfield><subfield code="e">مالك سابق.</subfield></datafield><datafield tag="880" ind1="1" ind2="2"><subfield code="6">245-03/</subfield><subfield code="a">الجزء الثاني من شرح ملتقى الابحر,</subfield><subfield code="f">[اوائل القرن 17م].</subfield></datafield><datafield tag="880" ind1="1" ind2="0"><subfield code="6">240-02/</subfield><subfield code="a">مجرى الانهر على ملتقى الابحر.</subfield><subfield code="n">جزء 2</subfield></datafield><datafield tag="880" ind1="1" ind2=" "><subfield code="6">100-01/</subfield><subfield code="a">باقاني، نور الدين محمود بن بركات.</subfield></datafield><datafield tag="CID" ind1=" " ind2=" "><subfield code="a">006305640</subfield></datafield><datafield tag="DAT" ind1="0" ind2=" "><subfield code="a">20190719102634.0</subfield><subfield code="b">20190719000000.0</subfield></datafield><datafield tag="DAT" ind1="1" ind2=" "><subfield code="a">20190719090653.0</subfield><subfield code="b">2019-07-19T16:11:14Z</subfield></datafield><datafield tag="DAT" ind1="2" ind2=" "><subfield code="a">2015-10-02T18:00:03Z</subfield></datafield><datafield tag="CAT" ind1=" " ind2=" "><subfield code="a">SDR-MIU</subfield><subfield code="d">EX LIBRIS - ALEPH</subfield><subfield code="l">prepare.pl-004-008</subfield></datafield><datafield tag="FMT" ind1=" " ind2=" "><subfield code="a">BK</subfield></datafield><datafield tag="HOL" ind1=" " ind2=" "><subfield code="0">sdr-miu006305640</subfield><subfield code="a">MiU</subfield><subfield code="b">SDR</subfield><subfield code="c">MIU</subfield><subfield code="p">mdp.39015079124809</subfield><subfield code="s">MIU</subfield><subfield code="1">006305640</subfield></datafield><datafield tag="974" ind1=" " ind2=" "><subfield code="b">MIU</subfield><subfield code="c">MIU</subfield><subfield code="d">20190719</subfield><subfield code="s">lit-dlps-dc</subfield><subfield code="u">mdp.39015079124809</subfield><subfield code="y">1699</subfield><subfield code="r">pd</subfield><subfield code="q">bib</subfield><subfield code="t">non-US bib date1 &lt; 1896</subfield></datafield></record></collection>